<?xml version="1.0" encoding="UTF-8"?><collection xmlns="http://www.loc.gov/MARC21/slim"><record><leader>00374nam--2200121-i-4500</leader><controlfield tag="001">000038043</controlfield><controlfield tag="002">20161230</controlfield><controlfield tag="005">20161230201041</controlfield><controlfield tag="008">060222s1000------------r-----000-0-eng-d</controlfield><datafield ind1=" " ind2=" " tag="080"><subfield code="a">621.039.524.4</subfield></datafield><datafield ind1=" " ind2=" " tag="245"><subfield code="a">Les reacteurs nucleaires a eu ordinaire. ouvrage redige sous la direction de guy erevon</subfield></datafield><datafield ind1=" " ind2=" " tag="260"><subfield code="a">Paris, Commisariat A L`Energie Atomique, 1983. 589 P</subfield></datafield><datafield ind1=" " ind2=" " tag="852"><subfield code="a">72860</subfield></datafield></record></collection>